<?xml version="1.0" encoding="UTF-8"?><record xmlns="http://www.loc.gov/MARC21/slim" xmlns:cinclude="http://apache.org/cocoon/include/1.0" xmlns:zs="http://www.loc.gov/zing/srw/">
  <leader>00430nz  a2200133n  4500</leader>
  <controlfield tag="001">n  87854607 </controlfield>
  <controlfield tag="003">DLC</controlfield>
  <controlfield tag="005">19871110065830.3</controlfield>
  <controlfield tag="008">870915n| acannaab|          |a aaa |||  </controlfield>
  <datafield tag="010" ind1=" " ind2=" ">
    <subfield code="a">n  87854607 </subfield>
  </datafield>
  <datafield tag="040" ind1=" " ind2=" ">
    <subfield code="a">DLC</subfield>
    <subfield code="c">DLC</subfield>
  </datafield>
  <datafield tag="100" ind1="1" ind2="0">
    <subfield code="a">Pittion, J.-P.</subfield>
    <subfield code="q">(Jean-Paul)</subfield>
  </datafield>
  <datafield tag="400" ind1="1" ind2="0">
    <subfield code="a">Pittion, Jean-Paul</subfield>
  </datafield>
  <datafield tag="670" ind1=" " ind2=" ">
    <subfield code="a">The Huguenots and Ireland, 1987:</subfield>
    <subfield code="b">t.p. (J.-P. Pittion) p. 3 (Jean-Paul Pittion, fellow of Trinity College, Dublin, in French Dept.)</subfield>
  </datafield>
</record>